<?xml version="1.0" encoding="UTF-8"?><record xmlns="http://www.loc.gov/MARC21/slim" xmlns:cinclude="http://apache.org/cocoon/include/1.0" xmlns:zs="http://www.loc.gov/zing/srw/">
  <leader>00502nz  a2200145n  4500</leader>
  <controlfield tag="001">no2007040773</controlfield>
  <controlfield tag="003">DLC</controlfield>
  <controlfield tag="005">20070414075056.0</controlfield>
  <controlfield tag="008">070412n| acannaabn          |a aaa     c</controlfield>
  <datafield tag="010" ind1=" " ind2=" ">
    <subfield code="a">no2007040773</subfield>
  </datafield>
  <datafield tag="035" ind1=" " ind2=" ">
    <subfield code="a">(OCoLC)oca07381581</subfield>
  </datafield>
  <datafield tag="040" ind1=" " ind2=" ">
    <subfield code="a">NBuU-L</subfield>
    <subfield code="b">eng</subfield>
    <subfield code="c">NBuU-L</subfield>
  </datafield>
  <datafield tag="100" ind1="1" ind2=" ">
    <subfield code="a">Embser-Herbert, Melissa Sheridan</subfield>
  </datafield>
  <datafield tag="400" ind1="1" ind2=" ">
    <subfield code="a">Herbert, Melissa Sheridan Embser-</subfield>
  </datafield>
  <datafield tag="670" ind1=" " ind2=" ">
    <subfield code="a">Don't ask, don't tell [SR], 2006:</subfield>
    <subfield code="b">final program for AALL 2006 annual meeting p. 43 (Melissa Sheridan Embser-Herbert, Hamline University)</subfield>
  </datafield>
</record>